@article{defazio2023dadaptation,
  title={Learning-Rate-Free Learning by D-Adaptation},
  author={Defazio, Aaron and Mishchenko, Konstantin},
  journal={arXiv preprint arXiv:2301.07733},
  year={2023}
}
@article{attention2017,
  author       = {Ashish Vaswani and
                  Noam Shazeer and
                  Niki Parmar and
                  Jakob Uszkoreit and
                  Llion Jones and
                  Aidan N. Gomez and
                  Lukasz Kaiser and
                  Illia Polosukhin},
  title        = {Attention Is All You Need},
  journal      = {CoRR},
  volume       = {abs/1706.03762},
  year         = {2017},
  url          = {http://arxiv.org/abs/1706.03762},
  eprinttype    = {arXiv},
  eprint       = {1706.03762},
  timestamp    = {Sat, 23 Jan 2021 01:20:40 +0100},
  biburl       = {https://dblp.org/rec/journals/corr/VaswaniSPUJGKP17.bib},
  bibsource    = {dblp computer science bibliography, https://dblp.org}
}
@article{mahsereci2015probabilisticlinesearch,
  title={Probabilistic line searches for stochastic optimization},
  author={Mahsereci, Maren and Hennig, Philipp},
  journal={Advances in neural information processing systems},
  volume={28},
  year={2015}
}
@incollection{danilova2022nonconvex-sometimes-is-convexy,
  title={Recent theoretical advances in non-convex optimization},
  author={Danilova, Marina and Dvurechensky, Pavel and Gasnikov, Alexander and Gorbunov, Eduard and Guminov, Sergey and Kamzolov, Dmitry and Shibaev, Innokentiy},
  booktitle={High-Dimensional Optimization and Probability: With a View Towards Data Science},
  pages={79--163},
  year={2022},
  publisher={Springer}
}
@article{wolfe1959wolfeconditions,
  title={The simplex method for quadratic programming},
  author={Wolfe, Philip},
  journal={Econometrica: Journal of the Econometric Society},
  pages={382--398},
  year={1959},
  publisher={JSTOR}
}
@article{duchi2011adagrad,
  title={Adaptive subgradient methods for online learning and stochastic optimization.},
  author={Duchi, John and Hazan, Elad and Singer, Yoram},
  journal={Journal of machine learning research},
  volume={12},
  number={7},
  year={2011}
}
@book{nesterov2018lectures,
  title={Lectures on convex optimization},
  author={Nesterov, Yurii and others},
  volume={137},
  year={2018},
  publisher={Springer}
}
@article{robbins1951SGD,
  title={A stochastic approximation method},
  author={Robbins, Herbert and Monro, Sutton},
  journal={The annals of mathematical statistics},
  pages={400--407},
  year={1951},
  publisher={JSTOR}
}
@misc{subgradmethod-convergence,
  title={CMU 10-725: Optimization, Lecture 6},
  author={Ryan Tibshirani},
  year={2012},
  url={https://www.cs.cmu.edu/~ggordon/10725-F12/scribes/10725_Lecture6.pdf},
  note={Accessed on 21 March 2023}
}
@article{leon1998SGD-converges-to-local-min,
  title={Online algorithms and stochastic approximations},
  author={L{\'e}on, B},
  journal={Online Learning and Neural Networks, Cambridge University Press},
  pages={9--42},
  year={1998}
}
@inproceedings{spectral_normalisation,
  author    = {Takeru Miyato and
               Toshiki Kataoka and
               Masanori Koyama and
               Yuichi Yoshida},
  title     = {Spectral Normalization for Generative Adversarial Networks},
  booktitle = {6th International Conference on Learning Representations, {ICLR} 2018,
               Vancouver, BC, Canada, April 30 - May 3, 2018, Conference Track Proceedings},
  publisher = {OpenReview.net},
  year      = {2018},
  url       = {https://openreview.net/forum?id=B1QRgziT-},
  timestamp = {Thu, 04 Apr 2019 13:20:10 +0200},
  biburl    = {https://dblp.org/rec/conf/iclr/MiyatoKKY18.bib},
  bibsource = {dblp computer science bibliography, https://dblp.org}
}
@article{duan2016learn,
  author    = {Yan Duan and
               John Schulman and
               Xi Chen and
               Peter L. Bartlett and
               Ilya Sutskever and
               Pieter Abbeel},
  title     = {RL{\textdollar}{\^{}}2{\textdollar}: Fast Reinforcement Learning via
               Slow Reinforcement Learning},
  journal   = {CoRR},
  volume    = {abs/1611.02779},
  year      = {2016},
}



@article{li2017learn,
  author    = {Ke Li and
               Jitendra Malik},
  title     = {Learning to Optimize},
  journal   = {CoRR},
  volume    = {abs/1606.01885},
  year      = {2016},
}

@article{dai2021global,
  title={{Global Optimization via Schrödinger-Föllmer Diffusion}},
  author={Dai, Yin and Jiao, Yuling and Kang, Lican and Lu, Xiliang and Yang, Jerry Zhijian},
  journal={arXiv preprint arXiv:2111.00402},
  year={2021}
}
@article{smith2021SGD-implicit-regularization,
  title={On the origin of implicit regularization in stochastic gradient descent},
  author={Smith, Samuel L and Dherin, Benoit and Barrett, David GT and De, Soham},
  journal={arXiv preprint arXiv:2101.12176},
  year={2021}
}
@article{andrychowicz2016learning,
  title={{Learning to learn by gradient descent by gradient descent}},
  author={Andrychowicz, Marcin and Denil, Misha and Gomez, Sergio and Hoffman, Matthew W and Pfau, David and Schaul, Tom and Shillingford, Brendan and De Freitas, Nando},
  journal={Advances in neural information processing systems},
  volume={29},
  year={2016}
}


@article{ho2020denoising,
  title={{Denoising diffusion probabilistic models}},
  author={Ho, Jonathan and Jain, Ajay and Abbeel, Pieter},
  journal={Advances in Neural Information Processing Systems},
  volume={33},
  pages={6840--6851},
  year={2020}
}

@article{dds,
  title={{Denoising Diffusion Optimisers}},
  author={Anonymous},
  journal={ICLR 2023 (Under Review)},
  year={2023}
}


@article{zhang2021path,
  title={Path Integral Sampler: a stochastic control approach for sampling},
  author={Zhang, Qinsheng and Chen, Yongxin},
  journal={arXiv preprint arXiv:2111.15141},
  year={2021}
}




